<?xml version="1.0" encoding="UTF-8"?>
<record xmlns="http://www.loc.gov/MARC21/slim" xmlns:xsi="http://www.w3.org/2001/XMLSchema-instance" xsi:schemaLocation="http://www.loc.gov/MARC21/slim http://www.loc.gov/standards/marcxml/schema/MARC21slim.xsd">
<leader>     cam a2200253 a 4500</leader>
<controlfield tag="001">002950958</controlfield>
<controlfield tag="003">NNU</controlfield>
<controlfield tag="005">19940713181853.0</controlfield>
<controlfield tag="008">881019s1960    sy            000 0 ara d</controlfield>
<datafield tag="035" ind1="9" ind2=" ">
<subfield code="a">NYUb10678163</subfield>
</datafield>
<datafield tag="035" ind1=" " ind2=" ">
<subfield code="a">(CStRLIN)NYUG88-B34761</subfield>
</datafield>
<datafield tag="035" ind1=" " ind2=" ">
<subfield code="a">GLIS006781634</subfield>
</datafield>
<datafield tag="040" ind1=" " ind2=" ">
<subfield code="a">NNU</subfield>
<subfield code="c">NNU</subfield>
</datafield>
<datafield tag="041" ind1=" " ind2=" ">
<subfield code="a">araurd</subfield>
</datafield>
<datafield tag="090" ind1=" " ind2=" ">
<subfield code="i">11/17/88 CT</subfield>
</datafield>
<datafield tag="100" ind1="1" ind2=" ">
<subfield code="a">Nadvī, Abulḥasan ʻAlī,</subfield>
<subfield code="d">1913-</subfield>
</datafield>
<datafield tag="240" ind1="0" ind2="0">
<subfield code="a">Rawāʼiʻ Iqbāl.</subfield>
<subfield code="l">Arabic</subfield>
</datafield>
<datafield tag="245" ind1="1" ind2="0">
<subfield code="a">Rawāʼiʻ Iqbāl /</subfield>
<subfield code="c">Abū al-Ḥasan ʻAlī al-Ḥusnī al-Nadwī.</subfield>
</datafield>
<datafield tag="260" ind1=" " ind2=" ">
<subfield code="a">Dimashq :</subfield>
<subfield code="b">Dār al-Fikr,</subfield>
<subfield code="c">1960.</subfield>
</datafield>
<datafield tag="300" ind1=" " ind2=" ">
<subfield code="a">126 p. ;</subfield>
<subfield code="c">24 cm.</subfield>
</datafield>
<datafield tag="600" ind1="1" ind2="0">
<subfield code="a">Iqbal, Muhammad,</subfield>
<subfield code="c">Sir,</subfield>
<subfield code="d">1877-1938.</subfield>
</datafield>
<datafield tag="OWN" ind1=" " ind2=" ">
<subfield code="a">GENERAL</subfield>
</datafield>
<datafield tag="903" ind1=" " ind2=" ">
<subfield code="a">OLD</subfield>
</datafield>
<datafield tag="950" ind1=" " ind2=" ">
<subfield code="l">BMAIN</subfield>
<subfield code="a">PK6561.I5</subfield>
<subfield code="b">Z65 1960</subfield>
<subfield code="i">11/17/88 C</subfield>
</datafield>
<datafield tag="955" ind1=" " ind2=" ">
<subfield code="l">BMAIN</subfield>
<subfield code="c">1</subfield>
<subfield code="r">012572239</subfield>
<subfield code="i">11/17/88 C</subfield>
</datafield>
<datafield tag="998" ind1=" " ind2=" ">
<subfield code="a">11/17/88</subfield>
<subfield code="t">c</subfield>
<subfield code="s">9114</subfield>
<subfield code="n">NNU</subfield>
<subfield code="w">NYUG88B34761</subfield>
<subfield code="d">10/19/88</subfield>
<subfield code="c">MG</subfield>
<subfield code="b">PJV</subfield>
<subfield code="i">881117</subfield>
<subfield code="l">NYUG</subfield>
</datafield>
<datafield tag="AVA" ind1=" " ind2=" ">
<subfield code="a">NYU50</subfield>
<subfield code="b">BOBST</subfield>
<subfield code="c">Main Collection</subfield>
<subfield code="d">PK6561.I5 Z65 1960</subfield>
<subfield code="e">unavailable</subfield>
<subfield code="t">Unavailable</subfield>
<subfield code="f">1</subfield>
<subfield code="g">1</subfield>
<subfield code="h">N</subfield>
<subfield code="i">0</subfield>
<subfield code="j">MAIN</subfield>
<subfield code="k">0</subfield>
</datafield>
</record>
